@article{liu2008,
author={C. Liu and E. J. Zipser and D. J. Cecil and S. W. Nesbitt and S. Sherwood},
journal={J. Appl. Meteor. Climatol.},
pages={2712–2728},
volume={47},
title={A Cloud and Precipitation Feature Database from Nine Years of TRMM Observations},
year={2008}}

@article{liu2008b,
author={C. Liu and E. J. Zipser},
journal={Geophys. Res. Lett.},
note={doi:10.1029/2007GL032437},
volume={35},
title={Diurnal cycles of precipitation, clouds, and lightning in the tropics from 9 years of TRMM observations},
year={2008}}

@book{wallace,
author={J. M. Wallace and P. V. Hobbs},
organization={University of Washington},
address={San Diego},
publisher={Academic Press, INC},
title={Atmospheric Science},
subtitle={An Introductory Survey},
isbn={0-12-732950-1},
pages={467},
year={1977}}

@article{Takahashi1978,
author={T. Takahashi},
journal={J. Atmos. Sci.},
pages={1536–1548},
volume={35},
title={Rimming electrification as a charging generation mechanism in thunderstorms},
year={1978}}

@article{Saunders1999,
author={C.P.R. Saunders and E.E. Avila and S.L. Peck and N.E. Castellano and  G.G. Aguirre Varela},
journal={Atmospheric Research},	
pages={99–117},
volume={51},
month={mar.},
title={A laboratory study of the effects of rime ice accretion and heating on charge transfer during ice crystal/graupel collisions},
year={1999}}

@article{saunders2008,
author={Saunders, C.},
title = {Charge Separation Mechanisms in Clouds},
journal = {Space Science Reviews},
year = 2008,
month = jun,
volume = 137,
pages = {335-353},
doi = {10.1007/s11214-008-9345-0}}

@article{vonnegut1995,
author={B. Vonnegut and D. J. Latham and C. B. More and S. J. Hunyady},
address={},
journal={Journal of Geographysical Research},
month={mar.},
number={100},
pages={5.037–5.050},
title={An Explanation for Anomalous Lightning from Forest Fire Clouds},
year={1995}}

@article{williams1989,
author={E. R. Williams},
address={},
journal={Journal of Geographysical Research},
month={sep.},
number={94},
pages={13.151–13.167},
title={The Tripole Structure of Thunderstorms},
year={1989}}

@article{ziegler1994,
author={C.L. Ziegler and D.R. MacGorman},
journal={J. Atmos. Sci.},
pages={833–851},
volume={51},
title={Observed Lightning Morphology Relative to Modeled Space Charge and Electric Field Distributions in a Tornadic Storm},
year={1994}}

@article{stolzenburg1998,
author={M. Stolzenburg and W. D. Rust and T. C. Marshall},
address={},
journal={Journal of Geographysical Research},
volume={103},
number={D12},
pages={14097-14108},
note={DOI: 10.1029/97JD03545},
title={Electrical structure in thunderstorm convective regions. 3 . Synthesis.},
year={1998}} 


@incollection{ogawahandbook,
address={},
author={T. Ogawa},
booktitle={Ligthning Currents},
editor={Hans Volland},
editortype={Ed.},
publisher={CRC Press},
title={Handbook of Atmospheric Electrodynamics},
volume={1},
year={1995}}

@book{Rakov2003,
author={V. A. Rakov and M. A. Uman},
organization={University of Washington},
address={New York},
publisher={Publicado por Cambridge University Press,},
title={Lightning: Physics and Effects},
subtitle={},
isbn={0521583276},
pages={687},
year={2003}}

@manual{goodman1990,
author={S. J. Goodman},
address={Alabama},
note={NASA Technical Memorandum TM-103521},
organization={Marshall Space Flight Center},
pages={193},
title={Predicting Thunderstorm Evolution Using Ground - Lightning Detection Networks},
year={1990}}

@article{kim2004,
author={M.J. Kim and J.A. Weinman and R.A. Houze},
journal={J. Appl. Meteor.},
pages={847–859},
volume={43},
title={Validation of Maritime Rainfall Retrievals from the TRMM Microwave Radiometer},
year={2004}}

@article{morales2003,
author={C. A. Morales and E. N. Anagnostou},
journal={J. Hydrometeor},
pages={141–159},
volume={4},
title={Extending the Capabilities of High-Frequency Rainfall Estimation from Geostationary-Based Satellite Infrared via a Network of Long-Range Lightning Observations},
year={2003}}

@article{spencer1986,
author={R. W. Spencer},
journal={J. Appl. Meteor.},
pages={754–766},
volume={22},
title={A Satellite Passive 37-GHz Scattering-based Method for Measuring Oceanic Rain Rates},
year={1986}}

@article{wukelic1989,
author = {G.E. Wukelic and D.E. Gibbons and L.M. Martucci and H.P. Foote},
title = {Radiometric calibration of Landsat Thematic Mapper Thermal Band},
  journal = {Remote Sensing of Environment},
     year = {1989},
    month = {jun},
   volume = {28},
    pages = {339-347},
   adsurl = {http://adsabs.harvard.edu/abs/1989RSEnv..28..339W},
  adsnote = {Provided by the SAO/NASA Astrophysics Data System}
}

@article{wu1984,
author={R. Wu and J. A. Weinman},
journal={J. Geophys. Res.},
pages={7170–7178},
volume={89(D5)},
title={Microwave Radiances from Precipitating Clouds Containing Aspherical Ice, Combined Phase, and Liquid Hydrometeors},
year={1984}}

@article{zipser2006,
author={ E.J.  Zipser and D.J. Cecil and C. Liu and S.W. Nesbitt and D.P. Yorty},
journal={Bull. Amer. Meteor. Soc.},
pages={1057–1071},
volume={87},
title={WHERE ARE THE MOST INTENSE THUNDERSTORMS ON EARTH?},
year={2006}}

@article{cecil2005,
author={D.J. Cecil and S.J. Goodman and D.J. Boccippio and E.J. Zipser and S.W. Nesbitt},
journal={Mon. Wea. Rev.},
pages={543-566},
volume={133},
title={Three Years of TRMM Precipitation Features. Part I: Radar, Radiometric, and Lightning Characteristics},
year={2005}}

@article{toracinta2001,
author={E. R. Toracinta and E. J. Zipser},
journal={J. Appl. Meteor.},
pages={983-1002},
volume={40},
title={Lightning and SSM/I-Ice-Scattering Mesoscale Convective Systems in the Global Tropics},
year={2001}}

@book{liou,
author={K. N. Liou},
organization={University of Washington},
address={San Diego},
note={INTERNATIONAL GEOPHYSICS SERIES},
publisher={Academic Press},
title={An Introduction to Atmospheric Radiation},
subtitle={Second Edition},
isbn={},
pages={583},
year={2002}}


@article{molion1987,
author={L.C.B. Molion},
journal={Revista Brasileira de Meteorologia},
pages={107-117},
volume={2},
title={Climatologia Dinâmica da região Amazônica},
year={1987}}

@article{kousky1980,
author={V. E. Kousky},
journal={Mon. Wea. Rev.},
pages={488–498},
volume={108},
title={Diurnal Rainfall Variation in Northeast Brazil},
year={1980}}

@MastersThesis{evandro2009,
author = {E. M. Anselmo},
title = {Estudo da razão entre o número de relâmpagos intranuvens e nuvem-solo para sistemas convectivos na cidade de campo grande - MS},
school = {Universidade Federal de Mato Grosso do Sul},
year = {2009},
OPTkey = {},
OPTtype = {},
OPTaddress = {Campo Grande - MS},
OPTmonth = {Maio},
}

@article{kousky1988,
author={V. E. Kousky},
journal={Revista Brasileira de Meteorologia},
pages={217-231},
volume={3},
title={Pentad outgoing longwave radiation climatology for the South American sector},
year={1988}}

@MastersThesis{quadro1994,
author = {M. F. de L. Quadro},
title = {Estudo de Episódios de Zona de Convergência do Atlântico Sul ZCAS sobre a América do Sul},
school = {INPE},
year = {1994},
OPTkey = {},
OPTtype = {},
OPTaddress = {},
OPTmonth = {},
OPTnote = {},
OPTannote = {}
}

@misc{cmorales,
author={C. A. Morales},
address={São Paulo},
title={Comunicação Pessoal},
year={2010}
}

@ARTICLE{BoeckWL:roltss,
  AUTHOR = {Boeck, W.L. and  Vaughan, O.H., Jr. and  Blakeslee, R.J. and  Vonnegut, B. and  Brook, M.},
  TITLE = {The role of the space shuttle videotapes in the discovery of sprites jets and elves.},
  JOURNAL = {Journal of Atmospheric and Solar-Terrestrial Physics},
  VOLUME = {60},
  NUMBER = {7-9},
  PAGES = {669--77},
  MONTH = {MayJune},
  YEAR = {1998},
  INSTITUTION = {Niagara Univ.  NY  USA},
}

@article{franz1990,
author={R. C. Franz and R. J. Nemzek and J.R. Winckler},
journal={Science},
pages={48-51},
volume={249},
title={Television Image of a large upward electrical discharge above a thunderstorm system},
year={1990},
note={DOI: 10.1126/science.249.4964.48}
}

@article{kummerok1998,
author={C. Kummerow and W. Barnes and T. Kozu and J. Shiue and J. Simpson},
journal={J. Atmos. Oceanic Technol.},
pages={809–817},
volume={15},
title={The Tropical Rainfall Measuring Mission (TRMM) Sensor Package},
year={1998},
note={}
}



@article{simpson1988,
author={J. Simpson and R.F. Adler and G.R. North},
journal={J. Atmos. Oceanic Technol.},
pages={278-295},
volume={69},
title={A Proposed Tropical Rainfall Measuring Mission (TRMM) Satellite},
year={1988},
note={}
}


@article{takayabu2006,
author={Y. N. Takayabu},
journal={Geophys. Res. Lett.},
pages={L18705},
volume={33},
title={Rain-yield per flash calculated from TRMM PR and LIS data and its relationship to the contribution of tall convective rain},
year={2006},
note={doi:10.1029/2006GL027531}
}

@misc{noticiainpe,
author={{Instituto Nacional de Pesquisas Espaciais} - INPE},
address={},
title={Calor faz quantidade de raios na capital subir 60\%},
year={2005},
url={http://www7.cptec.inpe.br/noticias/faces/noticias.jsp?idConsulta=8996&idQuadros=},
urlaccessdate={25 jan. 2010}
}

@misc{NSSTC,
author={{NSSTC Lightning Team}},
address={},
title={Global Lightning Image},
year={2009},
url={http://thunder.msfc.nasa.gov/data/query/mission.png},
urlaccessdate={27 jan. 2010}
}

@manual{christianTM,
author={Christian, H. J. and Richard, J. B. and Goodman S. J.},
address={Alabama},
note={NASA Technical Memorandum TM-4350},
organization={Marshall Space Flight Center},
pages={193},
title={Lightning Imaging Sensor (LIS) for the Earth Observing System},
year={1992}}

@misc{2A25,
author={NASA},
address={},
title={TRMM Product Level 2A Precipitation Radar (PR) Rainfall Rate and Profile},
year={2009},
url={http://disc.sci.gsfc.nasa.gov/precipitation/documentation/TRMM_README/TRMM_2A25_readme.shtml},
urlaccessdate={28 jan. 2010}
}



@article{kanamitsu,
author={M. Kanamitsu and W. Ebisuzaki and J. Woollen and S.K. Yang and J.J. Hnilo and M. Fiorino and G. L. Potter},
journal={Bull. Amer. Meteor. Soc.},
pages={1631–1643},
volume={83},
title={NCEP–DOE AMIP-II Reanalysis (R-2)},
year={2002},
note={doi:10.1175/BAMS-83-11-1631}
}

@misc{shi-atlas,
author={W. SHI and R. W. HIGGINS and E. YAROSH and V. E. KOUSKY},
address={},
title={The Annual Cycle and Variability of Precipitation in Brazil},
year={2009},
url={http://www.cpc.noaa.gov/products/outreach/research_papers/ncep_cpc_atlas/9},
urlaccessdate={17 set. 2010}
}

@article{fletcher,
author={N. H. Fletcher},
journal={Philosophical Magazine},
pages={1631–1643},
volume={83},
title={Surface structure of water and ice -- ii. a revised model},
year={1968},
}

@article{barthe2007,
author={C. Barthe and J. P. Pinty},
journal={J. Geophys. Res.},
pages={10621},
volume={112},
title={Simulation of a supercellular storm using a three-dimensional mesoscale model with an explicit lightning flash scheme},
year={2007},
}



@book{cooray2008,
author={G. V. Cooray},
organization={University of Washington},
address={London},
publisher={Institution of Electrical Engineers},
title={The Lightning Flash},
isbn={978-0-85296-780-5},
pages={600},
year={2008}}

@article{Yang2006,
author={S. Yang and W. S. Olson and J. J. Wang and T. L. Bell and E. A. Smith and C. D. Kummerow},
journal={J. Appl. Meteor. and Climatol.},
pages={721-739},
volume={45},
title={Precipitation and latent heating distributions from satellite passive microwave radiometry. Part II: Evaluation of estimates using independent data},
year={2006},
note={}}

@article{Olson2006,
author={W. S. Olson and C. D. Kummerow and S. Yang and G. W. Petty and W. K. Tao and T. L. Bell and S. A. Braun and Y. Wang and S. E. Lang and D. E. Johnson and C. Chiu},
journal={J. Appl. Meteor. and Climatol.},
pages={702-720},
volume={45},
title={Precipitation and latent heating distributions from satellite passive microwave radiometry. Part I: Improved method and uncertainties},
year={2006},
note={}}


@article{kummerow2001,
author={C. kummerow and Y. Hong and W. S. Olson and S. Yang and R. F. Adler and J. Mccollun and
R. Ferraro and G. Petty and D. B. Shin and T. T. Wilheit},
journal={J. Appl. Meteor.},
pages={1801–1820},
volume={40},
title={The evolution of the Goddard profiling algorithm (GPROF) for rainfall estimation from passive microwave sensors},
year={2001},
note={}}

@article{yuter1995,
author={S. E. Yuter and R. A. {Houze Jr.}},
journal={J. Appl. Meteor.},
pages={1941-1963},
volume={123},
title={Three-dimensional kinematic and microphysical evolution of Florida cumulonimbus. Part II: Frequency distribution of vertical velocity, reflectivity, and differential reflectivity},
year={1995},
note={}}



@ARTICLE{albretch2010,
   author = {Albrecht, R.~I. and Gopalan, K. and Wang, N. and Bruning, E.~C. and Goodman, S.~J. and Ferraro, R.~R.},
    title = "{Total lightning flash characteristics observed from TRMM Lightning Imaging Sensor (LIS) and their relationship with regional convection and precipitation type}",
  journal = {AGU Fall Meeting Abstracts},
 keywords = {[1899] HYDROLOGY / General or miscellaneous, [3304] ATMOSPHERIC PROCESSES / Atmospheric electricity, [3324] ATMOSPHERIC PROCESSES / Lightning, [3360] ATMOSPHERIC PROCESSES / Remote sensing},
     year = 2010,
    month = dec,
    pages = {A263+},
   adsurl = {http://adsabs.harvard.edu/abs/2010AGUFMAE21A0263A},
  adsnote = {Provided by the SAO/NASA Astrophysics Data System}
}


@misc{gesdisc,
author={{GES DISC - NASA}},
address={},
title={TRMM Product Level 2A Precipitation Radar (PR) Rainfall Rate and Profile},
year={2011},
url={http://disc.sci.gsfc.nasa.gov/precipitation-/documentation/TRMM README/TRMM 2A25 readme.shtml},
urlaccessdate={20 may 2011}
}

@article{Nesbitt2000,
author = {Nesbitt, Stephen W and Zipser, Edward J and Cecil, Daniel J},
doi = {10.1175/1520-0442(2000)013<4087:ACOPFI>2.0.CO;2},
isbn = {0894875515200442},
issn = {08948755},
journal = {Journal of Climate},
number = {23},
pages = {4087--4106},
title = {{A Census of Precipitation Features in the Tropics Using TRMM: Radar, Ice Scattering, and Lightning Observations}},
volume = {13},
year = {2000}}

@article{Jr2007,
author = {R. A. {Houze Jr.} and D. C. Wilton and B. F. Smull},
doi = {10.1002/qj},
issn = {1477870X},
journal = {Quarterly Journal of the Royal Meteorological Society},
keywords = {accepted 2 march 2007,arabian sea,bay bengal,convective echoes,deep convection,orographic precipitation,received 3 july 2006,revised 26 january 2007},
number = {August},
pages = {1389--1411},
publisher = {John Wiley \& Sons, Ltd.},
title = {{Monsoon convection in the Himalayan region as seen by the TRMM Precipitation Radar}},
url = {http://dx.doi.org/10.1002/qj.106},
volume = {133},
year = {2007}
}

@article{Rasmussen2011,
author = {K. L. Rasmussen and R. A. {Houze Jr.}},
doi = {10.1175/MWR-D-10-05006.1},
isbn = {0027064415200493},
issn = {00270644},
journal = {Monthly Weather Review},
number = {8},
pages = {2399--2420},
title = {{Orogenic Convection in Subtropical South America as Seen by the TRMM Satellite}},
url = {http://journals.ametsoc.org/doi/abs/10.1175/MWR-D-10-05006.1},
volume = {139},
year = {2011}}

@article{Petersen1998,
author = {W. A. Petersen and S. A. Rutledge } ,
doi = {10.1029/97JD02064},
journal = {Journal of Geophysical Research},
number = {D12},
pages = {14025--14040},
title = {{On the relationship between cloud-to-ground lightning and convective rainfall}},
volume = {103},
year = {1998}
}

@article{Durkee2009,
author = { J. D. Durkee and T. L. Mote },
doi = {10.1002/joc},
issn = {08998418},
journal = {International Journal of Climatology},
keywords = {accepted 14 february 2009,climatology,mesoscale convective complex,received 21 march 2008,revised 6 february 2009,south america},
number = {3},
pages = {418--431},
publisher = {Wiley Online Library},
title = {{A climatology of warm-season mesoscale convective complexes in subtropical South America}},
url = {http://onlinelibrary.wiley.com/doi/10.1002/joc.1893/abstract},
volume = {30},
year = {2009}
}

@article{Velasco1987,
author = {I. Velasco and  J. M. Fritsch},
journal = {Journal of Geophysical Research},
doi = {10.1029/JD092iD08p09591},
issn = {0148-0227},
number = {D8},
pages = {9591},
title = {{Mesoscale convective complexes in the Americas}},
volume = {92},
year = {1987}
}

@article{Fabry1995,
author = {Fabry, Frederic and Zawadzki, Isztar},
journal = {Journal of the Atmospheric Sciences},
doi = {10.1175/1520-0469(1995)052<0838:LTROOT>2.0.CO;2},
isbn = {0022-4928},
issn = {0022-4928},
number = {7},
pages = {838--851},
title = {{Long-Term Radar Observations of the Melting Layer of Precipitation and Their Interpretation}},
volume = {52},
year = {1995}
}

@misc{trmmhandbook,
author={NASDA},
address={National Space Development Agency of Japan},
title={TRMM Data Users Handbook},
year={2001}
}


@misc{rachel,
author={R. I. Albrecht},
address={São Paulo},
title={Comunicação Pessoal},
year={2010}
}
